%
%  An example of a bibliographical database for bibTeX
%
%  Recommended software for maintenance of *.bib files:
%    JabRef, http://jabref.sourceforge.net/
%
%  BEWARE:
%
%    *  If a name contains a capital letter, which must be kept such,
%       use curly brackets ({T}hailand, {HIV}).
%
%  ===========================================================================

@BOOK{Andel07,
  title = {Základy matematické statistiky},
  publisher = {Matfyzpress},
  year = {2007},
  author = {Anděl, J.},
  address = {Praha},
  series = {Druhé opravené vydání},
  isbn = {80-7378-001-1}
}

@BOOK{Andel98,
  title = {Statistické metody},
  publisher = {Matfyzpress},
  year = {1998},
  author = {Anděl, J.},
  address = {Praha},
  series = {Druhé přepracované vydání},
  isbn = {80-85863-27-8}
}

@ARTICLE{Cox72,
  author = {Cox, D. R.},
  title = {Regression models and life-tables (with {D}iscussion)},
  journal = {Journal of the Royal Statistical Society, Series B},
  year = {1972},
  volume = {34},
  pages = {187--220},
  number = {2}
}

@ARTICLE{DempsterLairdRubin77,
  author = {Dempster, A. P. and Laird, N. M. and Rubin, D. B.},
  title = {Maximum likelihood from incomplete data via the {EM} algorithm},
  journal = {Journal of the Royal Statistical Society, Series B},
  year = {1977},
  volume = {39},
  pages = {1--38},
  number = {1}
}

@ARTICLE{Genberget08,
  author = {Genberg, B. L. and Kulich, M. and Kawichai, S. and Modiba, P. and
	Chingono, A. and Kilonzo, G. P. and Richter, L. and Pettifor, A.
	and Sweat, M. and Celentano, D. D.},
  title = {{HIV} risk behaviors in Sub-{S}aharan {A}frica and {N}orthern {T}hailand:
	{B}aseline behavioral data from project {A}ccept},
  journal = {Journal of Acquired Immune Deficiency Syndrome},
  year = {2008},
  volume = {49},
  pages = {309--319}
}

@ARTICLE{KaplanMeier58,
  author = {Kaplan, E. L. and Meier, P.},
  title = {Nonparametric estimation from incomplete observations},
  journal = {Journal of the American Statistical Association},
  year = {1958},
  volume = {53},
  pages = {457--481},
  number = {282}
}

@BOOK{LehmannCasella98,
  title = {Theory of Point Estimation},
  publisher = {Springer-Verlag},
  year = {1998},
  author = {Lehmann, E. L. and Casella, G.},
  address = {New York},
  series = {{S}econd {E}dition},
  isbn = {0-387-98502-6}
}

@ARTICLE{Student08,
  author = {Student},
  title = {On the probable error of the mean},
  journal = {Biometrika},
  year = {1908},
  volume = {6},
  pages = {1-25}
}

@book{deep_learning_book,
    title={Deep Learning},
    author={Ian Goodfellow and Yoshua Bengio and Aaron Courville},
    publisher={MIT Press},
    note={\url{http://www.deeplearningbook.org}},
    year={2016}
}

@inproceedings{alex_net,
 author = {Krizhevsky, Alex and Sutskever, Ilya and Hinton, Geoffrey E},
 booktitle = {Advances in Neural Information Processing Systems},
 editor = {F. Pereira and C.J. Burges and L. Bottou and K.Q. Weinberger},
 pages = {},
 publisher = {Curran Associates, Inc.},
 title = {ImageNet Classification with Deep Convolutional Neural Networks},
 url = {https://proceedings.neurips.cc/paper_files/paper/2012/file/c399862d3b9d6b76c8436e924a68c45b-Paper.pdf},
 volume = {25},
 year = {2012}
}

@article{loss_landscape,
  author       = {Hao Li and
                  Zheng Xu and
                  Gavin Taylor and
                  Tom Goldstein},
  title        = {Visualizing the Loss Landscape of Neural Nets},
  journal      = {CoRR},
  volume       = {abs/1712.09913},
  year         = {2017},
  url          = {http://arxiv.org/abs/1712.09913},
  eprinttype    = {arXiv},
  eprint       = {1712.09913},
  timestamp    = {Thu, 16 May 2019 13:19:49 +0200},
  biburl       = {https://dblp.org/rec/journals/corr/abs-1712-09913.bib},
  bibsource    = {dblp computer science bibliography, https://dblp.org}
}

@article{resnet,
  author       = {Kaiming He and
                  Xiangyu Zhang and
                  Shaoqing Ren and
                  Jian Sun},
  title        = {Deep Residual Learning for Image Recognition},
  journal      = {CoRR},
  volume       = {abs/1512.03385},
  year         = {2015},
  url          = {http://arxiv.org/abs/1512.03385},
  eprinttype    = {arXiv},
  eprint       = {1512.03385},
  timestamp    = {Wed, 25 Jan 2023 11:01:16 +0100},
  biburl       = {https://dblp.org/rec/journals/corr/HeZRS15.bib},
  bibsource    = {dblp computer science bibliography, https://dblp.org}
}


@article{batch_norm,
  author       = {Sergey Ioffe and
                  Christian Szegedy},
  title        = {Batch Normalization: Accelerating Deep Network Training by Reducing
                  Internal Covariate Shift},
  journal      = {CoRR},
  volume       = {abs/1502.03167},
  year         = {2015},
  url          = {http://arxiv.org/abs/1502.03167},
  eprinttype    = {arXiv},
  eprint       = {1502.03167},
  timestamp    = {Mon, 13 Aug 2018 16:47:06 +0200},
  biburl       = {https://dblp.org/rec/journals/corr/IoffeS15.bib},
  bibsource    = {dblp computer science bibliography, https://dblp.org}
}

@article{layer_norm,
  title={Layer normalization},
  author={Ba, Jimmy Lei and Kiros, Jamie Ryan and Hinton, Geoffrey E},
  journal={arXiv preprint arXiv:1607.06450},
  year={2016}
}


@article{group_norm,
  author       = {Yuxin Wu and
                  Kaiming He},
  title        = {Group Normalization},
  journal      = {CoRR},
  volume       = {abs/1803.08494},
  year         = {2018},
  url          = {http://arxiv.org/abs/1803.08494},
  eprinttype    = {arXiv},
  eprint       = {1803.08494},
  timestamp    = {Mon, 13 Aug 2018 16:47:02 +0200},
  biburl       = {https://dblp.org/rec/journals/corr/abs-1803-08494.bib},
  bibsource    = {dblp computer science bibliography, https://dblp.org}
}

@article{BERT,
  author       = {Jacob Devlin and
                  Ming{-}Wei Chang and
                  Kenton Lee and
                  Kristina Toutanova},
  title        = {{BERT:} Pre-training of Deep Bidirectional Transformers for Language
                  Understanding},
  journal      = {CoRR},
  volume       = {abs/1810.04805},
  year         = {2018},
  url          = {http://arxiv.org/abs/1810.04805},
  eprinttype    = {arXiv},
  eprint       = {1810.04805},
  timestamp    = {Tue, 30 Oct 2018 20:39:56 +0100},
  biburl       = {https://dblp.org/rec/journals/corr/abs-1810-04805.bib},
  bibsource    = {dblp computer science bibliography, https://dblp.org}
}


@article{diffusion_model_ddpm,
  author       = {Jonathan Ho and
                  Ajay Jain and
                  Pieter Abbeel},
  title        = {Denoising Diffusion Probabilistic Models},
  journal      = {CoRR},
  volume       = {abs/2006.11239},
  year         = {2020},
  url          = {https://arxiv.org/abs/2006.11239},
  eprinttype    = {arXiv},
  eprint       = {2006.11239},
  timestamp    = {Tue, 23 Jun 2020 17:57:22 +0200},
  biburl       = {https://dblp.org/rec/journals/corr/abs-2006-11239.bib},
  bibsource    = {dblp computer science bibliography, https://dblp.org}
}

@article{diffusion_model_ddim,
  author       = {Jiaming Song and
                  Chenlin Meng and
                  Stefano Ermon},
  title        = {Denoising Diffusion Implicit Models},
  journal      = {CoRR},
  volume       = {abs/2010.02502},
  year         = {2020},
  url          = {https://arxiv.org/abs/2010.02502},
  eprinttype    = {arXiv},
  eprint       = {2010.02502},
  timestamp    = {Mon, 12 Oct 2020 17:53:10 +0200},
  biburl       = {https://dblp.org/rec/journals/corr/abs-2010-02502.bib},
  bibsource    = {dblp computer science bibliography, https://dblp.org}
}


@online{chmi_cz_web,
  author={Czech hydro-meteorological institute},
  title={Czech hydro-meteorological institute, web page},
  year={2023},
  url={https://www.chmi.cz},
  urldate={2023-05-03},
}


@online{computer_graphics_group_web,
  key={CGG web},
  title={Computer graphics group at Charles university, web page},
  year={2023},
  url={https://cgg.mff.cuni.cz},
  urldate={2023-05-03},
}

@article{vqvae,
  author       = {A{\"{a}}ron van den Oord and
                  Oriol Vinyals and
                  Koray Kavukcuoglu},
  title        = {Neural Discrete Representation Learning},
  journal      = {CoRR},
  volume       = {abs/1711.00937},
  year         = {2017},
  url          = {http://arxiv.org/abs/1711.00937},
  eprinttype    = {arXiv},
  eprint       = {1711.00937},
  timestamp    = {Mon, 13 Aug 2018 16:48:11 +0200},
  biburl       = {https://dblp.org/rec/journals/corr/abs-1711-00937.bib},
  bibsource    = {dblp computer science bibliography, https://dblp.org}
}

@inproceedings{maskgit,
  title={Maskgit: Masked generative image transformer},
  author={Chang, Huiwen and Zhang, Han and Jiang, Lu and Liu, Ce and Freeman, William T},
  booktitle={Proceedings of the IEEE/CVF Conference on Computer Vision and Pattern Recognition},
  pages={11315--11325},
  year={2022}
}

@article{diffusion_super_sampler,
  title={Image super-resolution via iterative refinement},
  author={Saharia, Chitwan and Ho, Jonathan and Chan, William and Salimans, Tim and Fleet, David J and Norouzi, Mohammad},
  journal={IEEE Transactions on Pattern Analysis and Machine Intelligence},
  year={2022},
  publisher={IEEE}
}


@article{u_net,
  author       = {Olaf Ronneberger and
                  Philipp Fischer and
                  Thomas Brox},
  title        = {U-Net: Convolutional Networks for Biomedical Image Segmentation},
  journal      = {CoRR},
  volume       = {abs/1505.04597},
  year         = {2015},
  url          = {http://arxiv.org/abs/1505.04597},
  eprinttype    = {arXiv},
  eprint       = {1505.04597},
  timestamp    = {Mon, 13 Aug 2018 16:46:52 +0200},
  biburl       = {https://dblp.org/rec/journals/corr/RonnebergerFB15.bib},
  bibsource    = {dblp computer science bibliography, https://dblp.org}
}

@article{dalle_2,
  title={Hierarchical text-conditional image generation with clip latents},
  author={Ramesh, Aditya and Dhariwal, Prafulla and Nichol, Alex and Chu, Casey and Chen, Mark},
  journal={arXiv preprint arXiv:2204.06125},
  year={2022}
}


@online{dalle_2_web,
  key={DALL-E 2 web},
  title={DALL-E 2 web page},
  year={2023},
  url={https://openai.com/product/dall-e-2},
  urldate={2023-05-03},
}

@online{midjourney_web,
  key={Midjourney web},
  title={Midjourney web page},
  year={2023},
  url={https://www.midjourney.com/home/},
  urldate={2023-05-03},
}

@online{stable_diffusion_web,
  key={Stable diffusion web},
  title={Stable diffusion web page},
  year={2023},
  url={https://stability.ai/stable-diffusion},
  urldate={2023-05-03},
}


@online{tensorflow,
  key={Tensorflow},
  title={Tensorflow website},
  year={2023},
  url={https://www.tensorflow.org},
  urldate={2023-05-03},
}

@online{tensorflow_probability,
  key={Tensorflow-probability},
  title={Tensorflow website},
  year={2023},
  url={https://www.tensorflow.org/probability},
  urldate={2023-05-03},
}
@online{numpy,
  key={Numpy},
  title={Numpy website},
  year={2023},
  url={https://numpy.org},
  urldate={2023-05-03},
}
@online{pillow,
  key={Pillow},
  title={Pillow documentation},
  year={2023},
  url={https://pillow.readthedocs.io/en/stable/},
  urldate={2023-05-03},
}
@online{wandb,
  key={Weights and biases},
  title={Weights and biases website},
  year={2023},
  url={https://wandb.ai/site},
  urldate={2023-05-03},
}
@online{opencv_python,
  key={OpenCV 2 python},
  title={OpenCV 2 python website},
  year={2023},
  url={https://pypi.org/project/opencv-python/},
  urldate={2023-05-03},
}
@online{scikit_image,
  key={Scikit image},
  title={Scikit image website},
  year={2023},
  url={https://scikit-image.org},
  urldate={2023-05-03},
}
@online{paramiko,
  key={Paramiko},
  title={Paramiko website},
  year={2023},
  url={https://www.paramiko.org},
  urldate={2023-05-03},
}

@online{anaconda,
  key={Anaconda},
  title={Anaconda website},
  year={2023},
  url={https://www.anaconda.com},
  urldate={2023-05-03},
}

@online{chmi_cz_web,
  author={Czech hydro-meteorological institute},
  title={Czech hydro-meteorological institute, available cameras},
  year={2023},
  url={https://www.chmi.cz/files/portal/docs/meteo/kam/},
  urldate={2023-05-04},
}


